@book{deisenroth2020mathematics,
  title={Mathematics for machine learning},
  author={Deisenroth, Marc Peter and Faisal, A Aldo and Ong, Cheng Soon},
  year={2020},
  publisher={Cambridge University Press}
}

@misc{ enwiki:probabilityspace,
    author = "{Wikipedia contributors}",
    title = "Probability space --- {Wikipedia}{,} The Free Encyclopedia",
    year = "2021",
    howpublished = "\url{https://en.wikipedia.org/w/index.php?title=Probability_space&oldid=1061316054}"    
}

@misc{ enwiki:bayesianprobability,
    author = "{Wikipedia contributors}",
    title = "Bayesian probability --- {Wikipedia}{,} The Free Encyclopedia",
    year = "2021",
    howpublished = "\url{https://en.wikipedia.org/w/index.php?title=Bayesian_probability&oldid=1049806208}"
}

@misc{math151notes,
  author        = {Sourav Chatterjee}, 
  title         = {Lecture notes for Math 151},
  month         = {Winter},
  year          = {2020}
}

@misc{cs109reader,
  author        = {Chris Piech and Department of Computer Science, Stanford University}, 
  title         = {Course Reader for CS109}, 
  month         = {September},
  year          = {2021}
}

@book{ross2014first,
  title={A first course in probability},
  author={Ross, Sheldon M},
  year={2014},
  publisher={Pearson}
} 
